@misc{Council,
    author={Greg Council},
    title={Using OCR: How Accurate is Your Data?},
    year={2018},
    url={https://tdwi.org/articles/2018/03/05/diq-all-how-accurate-is-your-data.aspx},
    urldate={2019-09-10}
}

@misc{Holley,
    author={Rose Holley},
    title={Increasing the Accuracy of OCR},
    year={2008},
    url={http://www.nla.gov.au/ndp/project_details/documents/ANDP_IncreasingOCRaccuracy.pdf},
    urldate={2019-09-10}
}