@misc{Berger,
    author={Sarah Berger},
    title={This high school senior says he is spending \$1,700 on college applications},
    year={2018},
    url={https://www.cnbc.com/2018/01/02/high-price-of-college-applications.html},
    urldate={2019-12-01}
}
@misc{Miao,
    author={Kysie Miao},
    title={Performance-Based Funding of Higher Education},
    year={2012},
    url={https://www.americanprogress.org/issues/education-postsecondary/reports/2012/08/07/12036/performance-based-funding-of-higher-education/},
    urldate={2019-12-01}
}
@misc{Zarate,
    author={Zuleyma Zarate},
    title={Correlation Between GPA \& SAT Scores},
    year={2019},
    url={https://zeescorrelationstudy.weebly.com/},
    urldate={2019-12-01}
}